% Examples from https://verbosus.com/bibtex-style-examples.html
@BOOK{Dijkstra,
  author    = {Э. Дейкстра}, 
  title     = {Дисциплина программирования},
  publisher = {МИР},
  year      = {1978},
  address   = {Москва},
  edition   = {1},
  month     = {4},
  pagetotal = {265},
  isbn      = {3257227892},
  hyphenation  = {russian}
}

@BOOK{Lavrov,
  author    = {С. С. Лавров}, 
  title     = {Программирование. Математические основы, средства, теория},
  publisher = {БХВ-Петербург},
  year      = {2002},
  address   = {СПб},
  pagetotal = {320},
  isbn      = {3257227892},
  hyphenation  = {russian}
}

@BOOK{Wirth,
  author    = {N. Wirth}, 
  title     = {Program Development by Stepwise Refinement},
  publisher = {Association for Computing Machinery, Inc.},
  year      = {1971},
  pages    = {221-227},
  month    = {4},
  edition   = {4},
  volume   = {14},
  isbn      = {3257227892},
  hyphenation  = {english}
}

@Online{Antlr,
  title= {ANTLR},
  url =          {https://www.antlr.org/},
  urldate =      {2021-06-17},
  hyphenation =     {english}
}

@Online{AntlrPython,
  title= {python-antlr4},
  url =          {https://github.com/antlr/antlr4/blob/master/doc/python-target.md},
  urldate =      {2021-06-17},
  hyphenation =     {english}
}

@Online{Sympy,
  title= {SymPy computer algebra system},
  url =          {https://www.sympy.org/},
  urldate =      {2021-06-17},
  hyphenation =     {english}
}

@BOOK{Karpov,
  author    = {Ю. Г. Карпов}, 
  title     = {Model checking. Верификация параллельных и распределенных программных систем},
  publisher = {БХВ-Петербург},
  year      = {2010},
  address   = {СПб},
  edition   = {1},
  month     = {4},
  pagetotal = {560},
  isbn      = {3257227892},
  hyphenation  = {russian}
}

@BOOK{NovikovBook,
  author    = {Ф.А. Новиков}, 
  title     = {Дискретная математика для программистов},
  publisher = {Питер},
  edition        = {3},
  year      = {2009},
  pagetotal = {384},
  address   = {СПб},
  isbn      = {3257227892},
  hyphenation  = {russian}
}

@BOOK{Compilers,
  author    = {Альфред В. Ахо}, 
  title     = {Компиляторы. Принципы, технологии и инструментарий},
  publisher = {Вильямс},
  edition        = {2},
  year      = {2008},
  pagetotal = {1184},
  address   = {Москва},
  isbn      = {3257227892},
  hyphenation  = {russian}
}

@BOOK{Chen,
  author    = {Ч. Чень}, 
  title     = {Математическая логика и автоматическое доказательство теорем},
  publisher = {Наука},
  year      = {1983},
  pagetotal = {360},
  address   = {Москва},
  isbn      = {3257227892},
  hyphenation  = {russian}
}